
@inproceedings{misurda05icse,
  author = {Jonathan Misurda and James A. Clause and Juliya L. Reed and Bruce R. Childers and Mary Lou Soffa},
  title = {Demand-driven structural testing with dynamic instrumentation},
  booktitle = {{Int'l. Conf. Soft. Eng.}},
  year = {2005},
  pages = {156--165},
}

@inproceedings{tikir02issta,
  author = {Mustafa M. Tikir and Jeffrey K. Hollingsworth},
  title = {Efficient instrumentation for code coverage testing},
  booktitle = {{Int'l. Symp. Softw. Test. Anal.}},
  year = {2002},
  isbn = {1-58113-562-9},
  pages = {86--96},
}

@article{hauswirth04,
 author = {Matthias Hauswirth and Trishul M. Chilimbi},
 title = {Low-overhead memory leak detection using adaptive statistical profiling},
 journal = {ACM SIGPLAN Notices},
 volume = {39},
 number = {11},
 year = {2004},
 pages = {156--164},
 publisher = {ACM},
 address = {New York, NY, USA},
 }

@inproceedings{diep06issre,
 author = {Madeline Diep and Myra Cohen and Sebastian Elbaum},
 title = {Probe Distribution Techniques to Profile Events in Deployed Software},
 booktitle = {Int'l. Symp. on Soft. Reliability Eng.},
 year = {2006},
 pages = {331--342},
 }


 @inproceedings{dwyer08ase,
 author = {Dwyer, M. B. and Diep, M. and Elbaum, S.},
 title = {Reducing the Cost of Path Property Monitoring Through Sampling},
 booktitle = {Proceedings of the 2008 23rd IEEE/ACM International Conference on Automated Software Engineering},
 series = {ASE '08},
 year = {2008},
 isbn = {978-1-4244-2187-9},
 pages = {228--237},
 numpages = {10},
 url = {http://dx.doi.org/10.1109/ASE.2008.33},
 doi = {http://dx.doi.org/10.1109/ASE.2008.33},
 acmid = {1642960},
 publisher = {IEEE Computer Society},
 address = {Washington, DC, USA},
 keywords = {Java API, path property monitoring, run-time monitoring, run-time overhead},
}



@article{chilakamarri06jstvr,
  author = {Kalyan-Ram Chilakamarri and Sebastian Elbaum},
  title = {Reducing Coverage Collection Overhead With Disposable Instrumentation},
  journal = {{Journal of Softw. Test., Rel., and Verif.}},
  year = {2007},
}

@inproceedings{chilakamarri04issre,
  author = {Kalyan-Ram Chilakamarri and Sebastian Elbaum},
  title = {Reducing Coverage Collection Overhead With Disposable Instrumentation},
  booktitle = {{Int'l. Symp. Soft. Rel. Eng.}},
  year = {2004},
  pages = {233--244},
}

@article{tse05elbaum,
  author = {Sebastian G. Elbaum and Madeline Diep},
  title = {Profiling Deployed Software: Assessing Strategies and Testing Opportunities.},
  journal = {{IEEE Trans. Softw. Eng.}},
  volume = {31},
  number = {4},
  year = {2005},
  pages = {312-327},
  ee = {http://dx.doi.org/10.1109/TSE.2005.50},
  bibsource = {DBLP, http://dblp.uni-trier.de}
}

@inproceedings{ramss04dyninst,
  author={Chadd C. Williams and Jeffrey K. Hollingsworth},
  title={Interactive Binary Instrumentation},
  booktitle={{Int'l. Works. on Remote Anal. and Measurement of Soft. Sys.}},
  month={May},
  pages = {312-327},
  year={2004}
}

@inproceedings{pldi05pin,
  author = {Chi-Keung Luk and Robert Cohn and Robert Muth and Harish Patil and Artur Klauser and Geoff Lowney and Steven Wallace and Vijay Janapa Reddi and Kim Hazelwood},
  title = {{Pin: building customized program analysis tools with dynamic instrumentation}},
  booktitle = {{Conf. on Prog. Lang. Design and Impl.}},
  pages = {190-200},
  year = {2005},
}

@InProceedings{liblit03pldi,
  author = {B. Liblit and A. Aiken and A. Zheng},
  title = {Distributed program sampling},
  booktitle = {{Conf. on Prog. Lang. Design and Impl.}},
  pages = {141--154},
  year = {2003}
}

@incollection {nips2003ap05,
  author = {Alice X. Zheng and Michael I. Jordan and Ben Liblit and Alex Aiken},
  title = {Statistical Debugging of Sampled Programs},
  booktitle = {Advances in Neural Information Processing Systems 16},
  editor = {Sebastian Thrun and Lawrence Saul and Bernhard {Sch\"{o}lkopf}},
  publisher = {MIT Press},
  address = {Cambridge, MA},
  year = {2004},
  keywords = {feature selection, utility maximization, regularization, program analysis, classification, machine learning}
}

@inproceedings{arnold01framework,
  author = {Matthew Arnold and Barbara G. Ryder},
  title = {A Framework for Reducing the Cost of Instrumented Code},
  booktitle = {{Conf. on Prog. Lang. Design and Impl.}},
  pages = {168--179},
  year = {2001},
  url = {citeseer.ist.psu.edu/arnold01framework.html}
}

@inproceedings{atom94pldi,
  author = {Amitabh Srivastava and Alan Eustace},
  title = {ATOM: a system for building customized program analysis tools},
  booktitle = {{Conf. on Prog. Lang. Design and Impl.}},
  year = {1994},
  isbn = {0-89791-662-X},
  pages = {196--205},
  location = {Orlando, Florida, United States},
  doi = {http://doi.acm.org/10.1145/178243.178260},
  publisher = {ACM Press},
  address = {New York, NY, USA},
}

@inproceedings{ball96efficient,
  author={Thomas Ball and James R. Larus},
  title={Efficient Path Profiling},
  booktitle={{Int'l. Symp. on Microarchitecture}},
  pages={46-57},
  year={1996},
  url={citeseer.ist.psu.edu/ball96efficient.html}
}

@misc{java:asserts,
  title={{Java: Programming With Assertions}},
  key={javaassert},
  howpublished={{http://java.sun.com/j2se/1.4.2/docs/guide/lang/assert.html}}
}

@misc{jdi:web,
  key={jdi},
  howpublished={{http://java.sun.com/j2se/1.5.0/docs/guide/jpda/jdi/}}
}

@misc{Jfluid,
  key={Jfluid},
  howpublished={{http://profiler.netbeans.org/}}
}

@techreport{sofya:tech06,
  title={{Sofya: A Flexible Framework for Development of Dynamic Program Analyses for Java Software}},
  author={Alex Kinneer and Matt Dwyer and Gregg Rothermel},
  institution={University of Nebraska - Lincoln},
  number={{TR-UNL-CSE-2006-0006}},
  month={April},
  year={2006}
}


 @inproceedings{bodden:fse08,
 author = {Bodden, Eric and Lam, Patrick and Hendren, Laurie},
 title = {Finding programming errors earlier by evaluating runtime monitors ahead-of-time},
 booktitle = {Proceedings of the 16th ACM SIGSOFT International Symposium on Foundations of software engineering},
 series = {SIGSOFT '08/FSE-16},
 year = {2008},
 isbn = {978-1-59593-995-1},
 location = {Atlanta, Georgia},
 pages = {36--47},
 numpages = {12},
 url = {http://doi.acm.org/10.1145/1453101.1453109},
 doi = {http://doi.acm.org/10.1145/1453101.1453109},
 acmid = {1453109},
 publisher = {ACM},
 address = {New York, NY, USA},
 keywords = {machine learning, points-to analysis, runtime verification, static analysis, static verification},
}



 @inproceedings{bodden:icse10,
 author = {Bodden, Eric},
 title = {Efficient hybrid typestate analysis by determining continuation-equivalent states},
 booktitle = {Proceedings of the 32nd ACM/IEEE International Conference on Software Engineering - Volume 1},
 series = {ICSE '10},
 year = {2010},
 isbn = {978-1-60558-719-6},
 location = {Cape Town, South Africa},
 pages = {5--14},
 numpages = {10},
 url = {http://doi.acm.org/10.1145/1806799.1806805},
 doi = {http://doi.acm.org/10.1145/1806799.1806805},
 acmid = {1806805},
 publisher = {ACM},
 address = {New York, NY, USA},
 keywords = {runtime monitoring, static analysis, typestate analysis},
}


@article{valgrind,
  title = {Valgrind: A Program Supervision Framework},
  author = {Nicholas Nethercote and Julian Seward},
  journal = {{Electronic Notes in Theoretical Computer Science}},
  volume = {89},
  number = {2},
  year = {2003}
}



@inproceedings{Bodden:RV07,
 author = {Bodden, Eric and Hendren, Laurie and Lam, Patrick and Lhot\'{a}k, Ond\v{r}ej and Naeem, Nomair A.},
 title = {Collaborative runtime verification with tracematches},
 booktitle = {Proceedings of the 7th international conference on Runtime verification},
 series = {RV'07},
 year = {2007},
 isbn = {3-540-77394-0, 978-3-540-77394-8},
 location = {Vancover, Canada},
 pages = {22--37},
 numpages = {16},
 url = {http://portal.acm.org/citation.cfm?id=1785141.1785146},
 acmid = {1785146},
 publisher = {Springer-Verlag},
 address = {Berlin, Heidelberg},
}




@phdthesis{Bodden:Thesis09,
  author = {Eric Bodden},
  title = {Verifying Finite-State Properties of Large-Scale Programs},
  school = {McGill University},
  month = {June},
  year = {2009}
}

@phdthesis{Purandare:Thesis11,
  author = {Rahul Purandare},
  title = {Exploiting Program and Property Structure for Efficient Runtime Monitoring},
  school = {University of Nebraska-Lincoln},
  month = {May},
  year = {2011}
}

@mastersthesis{Naeem:Thesis06,
  author = {Nomair A. Naeem},
  title = {Programmer-friendly decompiled {Java}},
  school = "McGill University",
  month = {Aug},
  year = {2006}
}

@MastersThesis{lhot02,
  author = "Ond\v{r}ej Lhot\'ak",
  title = "Spark: A flexible points-to analysis framework for {Java}",
  school = "McGill University",
  year = "2002",
  month = "Dec"
}

@inproceedings{Bodden:ECOOP07,
 author = {Eric Bodden and Laurie Hendren and Ond\v{r}ej Lhot\'ak},
 title = {A Staged Static Program Analysis to Improve the Performance of Runtime Monitoring},
 booktitle = {Euro. Conf. on Obj. Oriented Prog.},
 year = {2007},
 month = {July},
 pages = {525-549}
}


@inproceedings{Arnold:OOPSLA08,
 author = {Arnold, Matthew and Vechev, Martin and Yahav, Eran},
 title = {QVM: an efficient runtime for detecting defects in deployed systems},
 booktitle = {Proceedings of the 23rd ACM SIGPLAN conference on Object-oriented programming systems languages and applications},
 series = {OOPSLA '08},
 year = {2008},
 isbn = {978-1-60558-215-3},
 location = {Nashville, TN, USA},
 pages = {143--162},
 numpages = {20},
 url = {http://doi.acm.org/10.1145/1449764.1449776},
 doi = {http://doi.acm.org/10.1145/1449764.1449776},
 acmid = {1449776},
 publisher = {ACM},
 address = {New York, NY, USA},
 keywords = {algorithms, reliability, virtual machines},
}



 @inproceedings{Chen:OOPSLA07,
 author = {Chen, Feng and Ro\c{s}u, Grigore},
 title = {Mop: an efficient and generic runtime verification framework},
 booktitle = {Proceedings of the 22nd annual ACM SIGPLAN conference on Object-oriented programming systems and applications},
 series = {OOPSLA '07},
 year = {2007},
 isbn = {978-1-59593-786-5},
 location = {Montreal, Quebec, Canada},
 pages = {569--588},
 numpages = {20},
 url = {http://doi.acm.org/10.1145/1297027.1297069},
 doi = {http://doi.acm.org/10.1145/1297027.1297069},
 acmid = {1297069},
 publisher = {ACM},
 address = {New York, NY, USA},
 keywords = {aspect-oriented programming, monitoring-oriented programming, runtime verification},
}


@article{Holzmann:Computer06,
  title = {The power of 10: rules for developing safety-critical code},
  author = {G.J. Holzmann},
  journal = {{IEEE Computer}},
  volume = {39},
  number = {6},
  year = {2006}
}

@inproceedings{Liu:PLDI04,
  author = {Yanhong A. Liu and Tom Rothamel and Fuxiang Yu and Scott D. Stoller and Nanjun Hu},
  title = {Parametric regular path queries},
  booktitle = {{Conf. on Prog. Lang. Design and Impl.}},
  year = {2004},
  pages = {219--230},
}

@inproceedings{agrawal99,
  author = {Hira Agrawal},
  title = {Efficient coverage testing using global dominator graphs},
  booktitle = {{Works. on Prog. Anal. for Softw. Tools and Eng.}},
  year = {1999},
  pages = {11--20}
}

@inproceedings{graham82,
 author = {Susan L. Graham and Peter B. Kessler and Marshall K. Mckusick},
 title = {Gprof: A call graph execution profiler},
 booktitle = {{Symp. on Compiler Construction}},
 year = {1982},
 pages = {120--126} }

@INPROCEEDINGS{ball92, author={Ball, T. and Laurus, J.},
title={Optimally profiling and tracing programs}, booktitle={Symp.
on Principles of Prog. Lang.}, month=aug, year=1992,
pages={59-70}}

@article{ ammons97,
    author = "Glenn, A. and Ball, T. and Larus, J.",
    title = "Exploiting Hardware Performance Counters with Flow and Context Sensitive Profiling",
    journal = "ACM SIG{\-}PLAN Notices",
    volume = "32",
    number = "5",
    pages = "85--96",
    year = "1997"
}

@INPROCEEDINGS{pavlopoulou99, author = {Pavlopoulou, C. and Young,
M.}, title = {{Residual Test Coverage Monitoring}}, booktitle =
{{Int'l. Conf. of Soft. Eng.}}, month = may, year = 1999, pages =
{277-284} }

@MISC{perpetualtesting, author ={D. Richardson and  L. Clarke and L. Osterweil
and M. Young}, title = {Perpetual Testing},
howpublished={www.ics.uci.edu/~djr/edcs/PerpTest.html}}

@inproceedings{hilbert98,
    author = "Hilbert, D. and Redmiles, D.",
    title = "An Approach to Large-Scale Collection of Application Usage Data Over the {I}nternet",
    booktitle = "Int'l. Conf. on Soft. Eng.",
    pages = "136-145",
    year = "1998"}


@inproceedings{memon04,
    author = "Memon, A. and Porter, A. and Yilmaz, C. and Nagarajan, A. and Schmidt, D.C. and Natarajan, B.",
    title = "Skoll: Distributed Continuous Quality Assurance",
    booktitle = "Int. Conf. on Soft. Eng.",
    pages = "449-458",
    month=May,
    year = "2004"}

@inproceedings{orso02,
    author = "Orso, A. and Liang, D. and Harrold, M. and Lipton, R. ",
    title = "Gamma System: Continuous Evolution of Software after Deployment.",
    booktitle = "Int'l. Symp. on Soft. Testing and Analysis ",
    pages = "65--69",
    year = "2002"}


@INPROCEEDINGS{reiss01, author = {Reiss, S. and Renieris, M.},
title = {{Encoding Program Executions}}, booktitle = {{Int'l. Conf. on Soft. Eng.}}, month = may, year = 2001, pages =
{221-230} }

@INPROCEEDINGS{liblit03,
    AUTHOR="B. Liblit and A. Aiken and Z. Zheng and M. Jordan",
    title = "Bug isolation via remote program sampling",
    booktitle = "Conf. on Prog. Lang. Design and Impl.",
    year = 2003,
    pages = "141-154",
    month = "June",
}

@INPROCEEDINGS{liblit05,
  author =   {Ben Liblit and Mayur Naik and Alice X. Zheng and
                  Alex Aiken and Michael Jordan},
  title =    {Scalable Statistical Bug Isolation},
  booktitle =    {Conf. Prog. Lang. Design and Impl.},
  year =     2005,
  pages =    {15--26},
  month =    jun
}

@article{wang06runtime,
 author = {Liqiang Wang and Scott D. Stoller},
 title = {{Runtime analysis of atomicity for multi-threaded programs}},
 month = {Feb},
 year = {2006},
 journal = {{IEEE Trans. Softw. Eng.}},
 volume = {32},
 issue = {2},
 pages = {93-110}
}


@inproceedings{amorim05woda,
 author = {d'Amorim, Marcelo and Havelund, Klaus},
 title = {Event-based runtime verification of {Java} programs},
 booktitle = {Proceedings of the third international workshop on Dynamic analysis},
 series = {WODA '05},
 year = {2005},
 isbn = {1-59593-126-0},
 location = {St. Louis, Missouri},
 pages = {1--7},
 numpages = {7},
 url = {http://doi.acm.org/10.1145/1082983.1083249},
 doi = {http://doi.acm.org/10.1145/1082983.1083249},
 acmid = {1083249},
 publisher = {ACM},
 address = {New York, NY, USA},
 keywords = {Java, aspect oriented programming, event versus state predicates, program instrumentation, runtime verification, temporal logic},
}



@inproceedings{flanagan04popl,
 author = {Cormac Flanagan and Stephen N Freund},
 title = {{Atomizer: a dynamic atomicity checker for multithreaded programs}},
 booktitle = {{Symp. Princ. Prog. Lang.}},
 year = {2004},
 isbn = {1-58113-729-X},
 pages = {256--267},
 location = {Venice, Italy},
 doi = {http://doi.acm.org/10.1145/964001.964023}
}

@article{havelrosu-jpax,
 author = {Klaus Havelund and Grigore Ro\c{s}u},
 title = {{An overview of the runtime verification tool Java PathExplorer}},
 journal = {{Formal Meth. Sys. Design}},
 volume = {24},
 number = {2},
 year = {2004},
 pages = {189--215},
 publisher = {Springer Press},
}


@article{savage97eraser,
 author = {Stefan Savage and Michael Burrows and Greg Nelson and Patrick Sobalvarro and Thomas Anderson},
 title = {{Eraser: A dynamic data race detector for multithreaded programs}},
 journal = {{ACM Trans. Comp. Sys.}},
 volume = {15},
 number = {4},
 pages = {391--411},
 year = {1997},
 url = {citeseer.ist.psu.edu/article/savage97eraser.html}
}


@article{kimetal-javamac,
 author = {Moonjoo Kim and Mahesh Viswanathan and Sampath Kannan and Insup Lee and Oleg V. Sokolsky},
 title = {{Java-MaC: A run-time assurance approach for Java programs}},
 journal = {{Formal Meth. Sys. Design}},
 volume = {24},
 number = {2},
 year = {2004},
 pages = {129--155},
 publisher = {Springer Press},
 }


@inproceedings{chen-rosu05a,
 author = {Feng Chen and Grigore Ro\c{s}u},
 title = {{Java-MOP: A monitoring oriented programming environment for Java}},
 booktitle = {{Int'l. Conf. Tools Alg. Const. Anal. Sys.}},
 year = {2005},
 source = {fsl},
 series = {LNCS},
}

@inproceedings{Dwyer:ICSE07,
 author = {Dwyer, Matthew B. and Kinneer, Alex and Elbaum, Sebastian},
 title = {Adaptive Online Program Analysis},
 booktitle = {Proceedings of the 29th international conference on Software Engineering},
 series = {ICSE '07},
 year = {2007},
 isbn = {0-7695-2828-7},
 pages = {220--229},
 numpages = {10},
 url = {http://dx.doi.org/10.1109/ICSE.2007.12},
 doi = {http://dx.doi.org/10.1109/ICSE.2007.12},
 acmid = {1248855},
 publisher = {IEEE Computer Society},
 address = {Washington, DC, USA},
}


@inproceedings{Dwyer:ASE07,
 author = {Dwyer, Matthew B. and Purandare, Rahul},
 title = {Residual dynamic typestate analysis exploiting static analysis: results to reformulate and reduce the cost of dynamic analysis},
 booktitle = {Proceedings of the twenty-second IEEE/ACM international conference on Automated software engineering},
 series = {ASE '07},
 year = {2007},
 isbn = {978-1-59593-882-4},
 location = {Atlanta, Georgia, USA},
 pages = {124--133},
 numpages = {10},
 url = {http://doi.acm.org/10.1145/1321631.1321651},
 doi = {http://doi.acm.org/10.1145/1321631.1321651},
 acmid = {1321651},
 publisher = {ACM},
 address = {New York, NY, USA},
 keywords = {optimizing run-time monitors, static error detection},
}


@inproceedings{Dwyer:ICSE99,
 author = {Dwyer, Matthew B. and Avrunin, George S. and Corbett, James C.},
 title = {Patterns in property specifications for finite-state verification},
 booktitle = {Proceedings of the 21st international conference on Software engineering},
 series = {ICSE '99},
 year = {1999},
 isbn = {1-58113-074-0},
 location = {Los Angeles, California, United States},
 pages = {411--420},
 numpages = {10},
 url = {http://doi.acm.org/10.1145/302405.302672},
 doi = {http://doi.acm.org/10.1145/302405.302672},
 acmid = {302672},
 publisher = {ACM},
 address = {New York, NY, USA},
 keywords = {concurrent systems, finite-state verification, formal specification, patterns},
}



@BOOK{bauer-hibernate,
author = {Christian Bauer and Gavin Ling},
title = {{Java Persistence with Hibernate}},
publisher = {Manning Publications Co.},
address = {Greenwich, CT},
year = {2007},
}

@article{mujava,
 author = {Yu-Seung Ma and Jeff Offutt and Yong Rae Kwon},
 title = {MuJava: an automated class mutation system: Research Articles},
 journal = {Softw. Test. Verif. Reliab.},
 volume = {15},
 number = {2},
 year = {2005},
 pages = {97--133},
 publisher = {John Wiley and Sons Ltd.},
 address = {Chichester, UK, UK},
 }

@misc{jester,
  key = {jester},
  howpublished={http://jester.sourceforge.net/}
}

@misc{itracker,
  key = {tracker},
  howpublished={http://sourceforge.net/projects/itracker/}
}

@misc{webstore,
  key = {webstore},
  howpublished = {http://sourceforge.net/projects/webstore-app/}
}

@misc{notecat,
  key = {notecat},
  howpublished = {http://sourceforge.net/projects/notecat/}
}

@misc{laserfsa,
  key = {laserfsa},
  howpublished = {http://laser.cs.umass.edu/tools/}
}

@misc{SocketChannelJavadoc,
  key = {socketchannel},
  howpublished = {http://java.sun.com/j2se/1.4.2/docs/api/java/nio/\-channels/SocketChannel.html}
}

@misc{hibernate,
  key = {hibernate},
  howpublished={http://www.hibernate.org}
}

@misc{soot,
  key = {Soot},
  howpublished={http://sable.github.io/soot/}
}

@misc{jgrapht,
  key = {JGraphT},
  howpublished={http://www.jgrapht.org/}
}

@misc{gcc,
  key = {gcc},
  howpublished = {http://gcc.gnu.org/}
}

@inproceedings{Ammons:PLDI02,
 author = {Glenn Ammons and Rastislav Bod\'{\i}k and James R. Larus},
 title = {Mining specifications},
 booktitle = {Princ. of Prog. Lang.},
 year = {2002},
 pages = {4--16},
 }

@book{Hopcroft:Book,
  author    = {John E. Hopcroft and
               Jeffrey D. Ullman},
  title     = {Introduction to Automata Theory, Languages and Computation},
  publisher = {Addison-Wesley},
  year      = {1979},
}

@inproceedings{Ball:CAV05,
  author    = {Thomas Ball and
               Orna Kupferman and
               Greta Yorsh},
  title     = {Abstraction for Falsification},
  year      = {2005},
  pages     = {67--81},
  booktitle = {Int'l Conf. on Comp. Aided Verif.},
}


@inproceedings{Naeem:ECOOP08,
 author = {Naeem, Nomair A. and Lhotak, Ondrej},
 title = {Typestate-like analysis of multiple interacting objects},
 booktitle = {Proceedings of the 23rd ACM SIGPLAN conference on Object-oriented programming systems languages and applications},
 series = {OOPSLA '08},
 year = {2008},
 isbn = {978-1-60558-215-3},
 location = {Nashville, TN, USA},
 pages = {347--366},
 numpages = {20},
 url = {http://doi.acm.org/10.1145/1449764.1449792},
 doi = {http://doi.acm.org/10.1145/1449764.1449792},
 acmid = {1449792},
 publisher = {ACM},
 address = {New York, NY, USA},
 keywords = {static analysis, tracematches, typestate},
}


@inproceedings{Shoham:ISSTA2007,
 author = {Shoham, Sharon and Yahav, Eran and Fink, Stephen and Pistoia, Marco},
 title = {Static specification mining using automata-based abstractions},
 booktitle = {Proceedings of the 2007 international symposium on Software testing and analysis},
 year = {2007},
  pages = {174--184},
 }

 @inproceedings{Fink:ISSTA06,
 author = {Fink, Stephen and Yahav, Eran and Dor, Nurit and Ramalingam, G. and Geay, Emmanuel},
 title = {Effective typestate verification in the presence of aliasing},
 booktitle = {Proceedings of the 2006 international symposium on Software testing and analysis},
 series = {ISSTA '06},
 year = {2006},
 isbn = {1-59593-263-1},
 location = {Portland, Maine, USA},
 pages = {133--144},
 numpages = {12},
 url = {http://doi.acm.org/10.1145/1146238.1146254},
 doi = {http://doi.acm.org/10.1145/1146238.1146254},
 acmid = {1146254},
 publisher = {ACM},
 address = {New York, NY, USA},
 keywords = {alias analysis, program verification, typestate},
}



@article{Fink:TOSEM08,
 author = {Fink, Stephen J. and Yahav, Eran and Dor, Nurit and Ramalingam, G. and Geay, Emmanuel},
 title = {Effective typestate verification in the presence of aliasing},
 journal = {ACM Trans. Softw. Eng. Methodol.},
 volume = {17},
 number = {2},
 year = {2008},
 pages = {1--34},
 }


 @inproceedings{Das:PLDI02,
 author = {Das, Manuvir and Lerner, Sorin and Seigle, Mark},
 title = {ESP: path-sensitive program verification in polynomial time},
 booktitle = {Proceedings of the ACM SIGPLAN 2002 Conference on Programming language design and implementation},
 series = {PLDI '02},
 year = {2002},
 isbn = {1-58113-463-0},
 location = {Berlin, Germany},
 pages = {57--68},
 numpages = {12},
 url = {http://doi.acm.org/10.1145/512529.512538},
 doi = {http://doi.acm.org/10.1145/512529.512538},
 acmid = {512538},
 publisher = {ACM},
 address = {New York, NY, USA},
 keywords = {dataflow analysis, error detection, path-sensitive analysis},
}



@inproceedings{Weimer:TACAS05,
  author    = {Westley Weimer and
               George C. Necula},
  title     = {Mining Temporal Specifications for Error Detection},
  booktitle = {Proceedings of the Tools and Algorithms for the Construction and Analysis of Systems Conference},
  year      = {2005},
  pages     = {461-476}
  }

@inproceedings{Lamport:IFIP83,
  author    = {Leslie Lamport},
  title     = {What Good is Temporal Logic?},
  booktitle = {IFIP Congress},
  year      = {1983},
  pages     = {657-668},
}


@inproceedings{DaCapo:paper,
  title={The {DaCapo} Benchmarks: {J}ava Benchmarking Development and Analysis},
  author={Blackburn, S. M. and Garner, R. and Hoffman, C. and Khan, A. M.
      and McKinley, K. S. and Bentzur, R. and Diwan, A. and Feinberg, D.
      and Frampton, D. and Guyer, S. Z. and Hirzel, M. and Hosking, A.
      and Jump, M. and Lee, H. and Moss, J. E. B. and Phansalkar, A.
      and Stefanovi\'{c}, D. and {VanDrunen}, T. and von~Dincklage, D.
      and Wiedermann, B.},
 booktitle = {Proceedings of the 21st annual ACM SIGPLAN conference on Object-oriented programming systems, languages, and applications},
 series = {OOPSLA '06},
 year = {2006},
 isbn = {1-59593-348-4},
 location = {Portland, Oregon, USA},
 pages = {169--190},
 numpages = {22},
 url = {http://doi.acm.org/10.1145/1167473.1167488},
 doi = {http://doi.acm.org/10.1145/1167473.1167488},
 acmid = {1167488},
 publisher = {ACM},
 address = {New York, NY, USA},
 keywords = {DaCapo, Java, SPEC, benchmark, methodology},
}

@Book{BaierKatoen:Book09,
  author = {Christel Baier and Joost-Pieter Katoen},
  title = {Principles of Model Checking},
  publisher = {MIT Press},
  year      = {2009}
}

@article{Clarke:AssertionImpact,
 author = {Clarke, Lori A. and Rosenblum, David S.},
 title = {A historical perspective on runtime assertion checking in software development},
 journal = {SIGSOFT Softw. Eng. Notes},
 volume = {31},
 number = {3},
 year = {2006},
 pages = {25--37},
 }
@article{Strom:TSE86,
 author = {Strom, R E and Yemini, S},
 title = {Typestate: A programming language concept for enhancing software reliability},
 journal = {IEEE Trans. Softw. Eng.},
 volume = {12},
 number = {1},
 year = {1986},
 pages = {157--171},
 }

@article{Olender:TSE90,
 author = {Olender, Kurt M. and Osterweil, Leon J.},
 title = {Cecil: A Sequencing Constraint Language for Automatic Static Analysis Generation},
 journal = {IEEE Trans. Softw. Eng.},
 volume = {16},
 number = {3},
 year = {1990},
 pages = {268--280},
 }

 @inproceedings{Bierhoff:OOPSLA07,
 author = {Bierhoff, Kevin and Aldrich, Jonathan},
 title = {Modular typestate checking of aliased objects},
 booktitle = {Proceedings of the 22nd annual ACM SIGPLAN conference on Object-oriented programming systems and applications},
 series = {OOPSLA '07},
 year = {2007},
 isbn = {978-1-59593-786-5},
 location = {Montreal, Quebec, Canada},
 pages = {301--320},
 numpages = {20},
 url = {http://doi.acm.org/10.1145/1297027.1297050},
 doi = {http://doi.acm.org/10.1145/1297027.1297050},
 acmid = {1297050},
 publisher = {ACM},
 address = {New York, NY, USA},
 keywords = {aliasing, behavioral subtyping, linear logic, permissions, typestates},
}


 @inproceedings{Kim:SAVCBS09,
 author = {Kim, Taekgoo and Bierhoff, Kevin and Aldrich, Jonathan and Kang, Sungwon},
 title = {Typestate protocol specification in JML},
 booktitle = {SAVCBS '09: Proceedings of the 8th international workshop on Specification and verification of component-based systems},
 year = {2009},
 isbn = {978-1-60558-680-9},
 pages = {11--18},
 location = {Amsterdam, The Netherlands},
 doi = {http://doi.acm.org/10.1145/1596486.1596490},
 publisher = {ACM},
 address = {New York, NY, USA},
 }

 @inproceedings{Bierhoff:ECOOP09,
 author = {Bierhoff, Kevin and Beckman, Nels E. and Aldrich, Jonathan},
 title = {Practical {API} Protocol Checking with Access Permissions},
 booktitle = {Genoa: Proceedings of the 23rd European Conference on ECOOP 2009 --- Object-Oriented Programming},
 year = {2009},
 isbn = {978-3-642-03012-3},
 pages = {195--219},
 location = {Italy},
 doi = {http://dx.doi.org/10.1007/978-3-642-03013-0_10},
 publisher = {Springer-Verlag},
 address = {Berlin, Heidelberg},
 }

  @inproceedings{Beckman:OOPSLA08,
 author = {Beckman, Nels E. and Bierhoff, Kevin and Aldrich, Jonathan},
 title = {Verifying correct usage of atomic blocks and typestate},
 booktitle = {Proceedings of the 23rd ACM SIGPLAN conference on Object-oriented programming systems languages and applications},
 series = {OOPSLA '08},
 year = {2008},
 isbn = {978-1-60558-215-3},
 location = {Nashville, TN, USA},
 pages = {227--244},
 numpages = {18},
 url = {http://doi.acm.org/10.1145/1449764.1449783},
 doi = {http://doi.acm.org/10.1145/1449764.1449783},
 acmid = {1449783},
 publisher = {ACM},
 address = {New York, NY, USA},
 keywords = {permissions, transactional memory, typestate},
}

 @article{meredith-jin-chen-rosu-2009-jase,
  author={Patrick Meredith and Dongyun Jin and Feng Chen and Grigore Ro\c{s}u},
   title={Efficient Monitoring of Parametric Context-Free Patterns},
   journal={Journal of Automated Software Engineering},
   volume={17},
   number={2},
   publisher={Springer Netherlands},
   month={June},
   year={2010},
   pages={149--180}
}

@inproceedings{meredith-2008,
  title = {Efficient Monitoring of Parametric Context-Free Patterns},
  author = {Patrick Meredith and Dongyun Jin and Feng Chen and Grigore Ro\c{s}u},
  booktitle = {Proceedings of the 23rd IEEE/ACM International Conference on Automated Software Engineering(ASE '08)},
  year = {2008},
  publisher = {IEEE/ACM},
  pages = {148--157},
  doi={doi:10.1109/ASE.2008.25}
}


 @inproceedings{Allan:OOPSLA05,
 author = {Allan, Chris and Avgustinov, Pavel and Christensen, Aske Simon and Hendren, Laurie and Kuzins, Sascha and Lhot\'{a}k, Ond\v{r}ej and de Moor, Oege and Sereni, Damien and Sittampalam, Ganesh and Tibble, Julian},
 title = {Adding trace matching with free variables to {AspectJ}},
 booktitle = {Proceedings of the 20th annual ACM SIGPLAN conference on Object-oriented programming, systems, languages, and applications}, series = {OOPSLA '05},
 year = {2005},
 isbn = {1-59593-031-0},
 location = {San Diego, CA, USA},
 pages = {345--364},
 numpages = {20},
 url = {http://doi.acm.org/10.1145/1094811.1094839},
 doi = {http://doi.acm.org/10.1145/1094811.1094839},
 acmid = {1094839},
 publisher = {ACM},
 address = {New York, NY, USA},
 keywords = {aspect-oriented programming, program monitoring},
}


 @inproceedings{Purandare:OOPSLA10,
 author = {Purandare, Rahul and Dwyer, Matthew B. and Elbaum, Sebastian},
 title = {Monitor optimization via stutter-equivalent loop transformation},
 booktitle = {OOPSLA '10: Proceedings of the ACM international conference on Object oriented programming systems languages and applications},
 year = {2010},
 isbn = {978-1-4503-0203-6},
 pages = {270--285},
 location = {Reno/Tahoe, Nevada, USA},
 publisher = {ACM},
 address = {New York, NY, USA},
 }

 @article{Choi:SIGPLAN99,
 author = {Choi, Jong-Deok and Gupta, Manish and Serrano, Mauricio and Sreedhar, Vugranam C. and Midkiff, Sam},
 title = {Escape analysis for {Java}},
 journal = {SIGPLAN Not.},
 volume = {34},
 number = {10},
 year = {1999},
 issn = {0362-1340},
 pages = {1--19},
 publisher = {ACM},
 address = {New York, NY, USA},
 }

@article{Whaley:SIGPLAN99,
 author = {Whaley, John and Rinard, Martin},
 title = {Compositional pointer and escape analysis for {Java} programs},
 journal = {SIGPLAN Not.},
 volume = {34},
 number = {10},
 year = {1999},
 issn = {0362-1340},
 pages = {187--206},
 publisher = {ACM},
 address = {New York, NY, USA},
 }
@inproceedings{Miecznikowski:2002,
 author = {Miecznikowski, Jerome and Hendren, Laurie J.},
 title = {Decompiling {Java} Bytecode: Problems, Traps and Pitfalls},
 booktitle = {Proceedings of the 11th International Conference on Compiler Construction},
 series = {CC '02},
 year = {2002},
 isbn = {3-540-43369-4},
 pages = {111--127},
 numpages = {17},
 acmid = {727938},
 publisher = {Springer-Verlag},
 address = {London, UK},
}

@inproceedings{ valleerai00optimizing,
    author = "Raja Vall\'ee-Rai and Etienne Gagnon and Laurie J. Hendren and Patrick Lam and Patrice Pominville and Vijay Sundaresan",
    title = "Optimizing {Java} Bytecode Using the {Soot} Framework: Is It Feasible?",
    booktitle = "Compiler Construction, 9th International Conference (CC 2000)",
    pages = "18--34",
    year = "2000",
    url = "www.sable.mcgill.ca/publications"
}

@MastersThesis{RVRai:thesis,
  author	   = {Raja Vall\'{e}e-Rai},
  title		   = {{SOOT}: A {J}ava Bytecode Optimization Framework},
  school	   = {School of Computer Science, McGill University, Montreal,
                  Canada.},
  year		   = {2000},
  month		   = {Oct},
}

@misc{sofya-web-page,
 key = {sofya},
 howpublished = {{http://sofya.unl.edu}}
}




@article{Dwyer:TOSEM04,
 author = {Matthew B. Dwyer and Lori A. Clarke and Jamieson M. Cobleigh and Gleb Naumovich},
 title = {Flow analysis for verifying properties of concurrent software systems},
 journal = {ACM Trans. Softw. Eng. Methodol.},
 volume = {13},
 number = {4},
 year = {2004},
 issn = {1049-331X},
 pages = {359--430},
 }


 @inproceedings{Dor:ISSTA04,
 author = {Dor, Nurit and Adams, Stephen and Das, Manuvir and Yang, Zhe},
 title = {Software validation via scalable path-sensitive value flow analysis},
 booktitle = {Proceedings of the 2004 ACM SIGSOFT International Symposium on Software testing and analysis},
 series = {ISSTA '04},
 year = {2004},
 isbn = {1-58113-820-2},
 location = {Boston, Massachusetts, USA},
 pages = {12--22},
 numpages = {11},
 url = {http://doi.acm.org/10.1145/1007512.1007515},
 doi = {http://doi.acm.org/10.1145/1007512.1007515},
 acmid = {1007515},
 publisher = {ACM},
 address = {New York, NY, USA},
 keywords = {alias analysis, path-sensitive analysis, value flow},
}



 @inproceedings{Bodik:PLDI00,
 author = {Bod\'{\i}k, Rastislav and Gupta, Rajiv and Sarkar, Vivek},
 title = {ABCD: eliminating array bounds checks on demand},
 booktitle = {Proceedings of the ACM SIGPLAN 2000 conference on Programming language design and implementation},
 series = {PLDI '00},
 year = {2000},
 isbn = {1-58113-199-2},
 location = {Vancouver, British Columbia, Canada},
 pages = {321--333},
 numpages = {13},
 url = {http://doi.acm.org/10.1145/349299.349342},
 doi = {http://doi.acm.org/10.1145/349299.349342},
 acmid = {349342},
 publisher = {ACM},
 address = {New York, NY, USA},
}


@article{Midkiff:IBM98,
 author = {S. P. Midkiff and J. E. Moreira and M. Snir},
 title = {Optimizing array reference checking in {Java} programs},
 journal = {IBM Syst. J.},
 volume = {37},
 number = {3},
 year = {1998},
 issn = {0018-8670},
 pages = {409--453},
 publisher = {IBM Corp.},
 address = {Riverton, NJ, USA}
 }

@inproceedings{Flanagan:PLDI02,
 author = {Cormac Flanagan and K. Rustan M. Leino and Mark Lillibridge and Greg Nelson and James B. Saxe and Raymie Stata},
 title = {Extended static checking for {Java}},
 booktitle = {Conf. on Prog. Lang. Design and Impl.},
 year = {2002},
 isbn = {1-58113-463-0},
 pages = {234--245},
 location = {Berlin, Germany},
 }

 @inproceedings{Flanagan:POPL06,
 author = {Flanagan, Cormac},
 title = {Hybrid type checking},
 booktitle = {Conference record of the 33rd ACM SIGPLAN-SIGACT symposium on Principles of programming languages},
 series = {POPL '06},
 year = {2006},
 isbn = {1-59593-027-2},
 location = {Charleston, South Carolina, USA},
 pages = {245--256},
 numpages = {12},
 url = {http://doi.acm.org/10.1145/1111037.1111059},
 doi = {http://doi.acm.org/10.1145/1111037.1111059},
 acmid = {1111059},
 publisher = {ACM},
 address = {New York, NY, USA},
 keywords = {contracts, dynamic checking, static checking, type systems},
}


@inproceedings{misurda05icse,
  author = {Jonathan Misurda and James A. Clause and Juliya L. Reed and Bruce R. Childers and Mary Lou Soffa},
  title = {Demand-driven structural testing with dynamic instrumentation},
  booktitle = {{Int'l. Conf. Softw. Eng.}},
  year = {2005},
  isbn = {1-59593-963-2},
  pages = {156--165},
  location = {St. Louis, MO, USA},
}

@inproceedings{tikir02issta,
  author = {Mustafa M. Tikir and Jeffrey K. Hollingsworth},
  title = {Efficient instrumentation for code coverage testing},
  booktitle = {{Int'l. Symp. Softw. Test. Anal.}},
  year = {2002},
  isbn = {1-58113-562-9},
  pages = {86--96},
  location = {Roma, Italy},
}

@article{chilakamarri06jstvr,
  author = {Kalyan-Ram Chilakamarri and Sebastian Elbaum},
  title = {Reducing Coverage Collection Overhead With Disposable Instrumentation},
  journal = {{Journal of Softw. Test., Rel., and Verif.}},
  year = {2007 (to appear)},
}

@inproceedings{chilakamarri04issre,
  author = {Kalyan-Ram Chilakamarri and Sebastian Elbaum},
  title = {Reducing Coverage Collection Overhead With Disposable Instrumentation},
  booktitle = {{Int'l. Symp. Softw. Rel. Eng.}},
  year = {2004},
  isbn = {0-7695-2215-7},
  pages = {233--244},
  doi = {http://dx.doi.org/10.1109/ISSRE.2004.32},
  publisher = {IEEE Computer Society},
  address = {Washington, DC, USA},
}

@article{tseD05diep,
  author = {Sebastian G. Elbaum and Madeline Diep},
  title = {Profiling Deployed Software: Assessing Strategies and Testing Opportunities.},
  journal = {{IEEE Trans. Softw. Eng.}},
  volume = {31},
  number = {4},
  year = {2005},
  pages = {312-327},
  ee = {http://dx.doi.org/10.1109/TSE.2005.50},
  bibsource = {DBLP, http://dblp.uni-trier.de}
}

@inproceedings{ramss04dyninst,
  author={Chadd C. Williams and Jeffrey K. Hollingsworth},
  title={Interactive Binary Instrumentation},
  booktitle={{Int'l. Works. on Remote Anal. and Measurement of Softw. Sys.}},
  month={May},
  year={2004}
}

@inproceedings{pldi05pin,
  author = {Chi-Keung Luk and Robert Cohn and Robert Muth and Harish Patil and Artur Klauser and Geoff Lowney and Steven Wallace and Vijay Janapa Reddi and Kim Hazelwood},
  title = {{Pin: building customized program analysis tools with dynamic instrumentation}},
  booktitle = {{Conf. on Prog. Lang. Design and Impl.}},
  year = {2005},
  isbn = {1-59593-056-6},
  pages = {190--200},
  location = {Chicago, IL, USA},
}

@InProceedings{liblit03pldi,
  author = {B. Liblit and A. Aiken and A. Zheng},
  title = {Distributed program sampling},
  booktitle = {{Conf. on Prog. Lang. Design and Impl.}},
  pages = {141--154},
  year = {2003}
}

@incollection {nips2003ap05,
  author = {Alice X. Zheng and Michael I. Jordan and Ben Liblit and Alex Aiken},
  title = {Statistical Debugging of Sampled Programs},
  booktitle = {Advances in Neural Information Processing Systems 16},
  editor = {Sebastian Thrun and Lawrence Saul and Bernhard {Sch\"{o}lkopf}},
  publisher = {MIT Press},
  address = {Cambridge, MA},
  year = {2004},
  keywords = {feature selection, utility maximization, regularization, program analysis, classification, machine learning}
}

@inproceedings{arnold01framework,
  author = {Matthew Arnold and Barbara G. Ryder},
  title = {A Framework for Reducing the Cost of Instrumented Code},
  booktitle = {{Conf. on Prog. Lang. Design and Impl.}},
  pages = {168--179},
  year = {2001},
  url = {citeseer.ist.psu.edu/arnold01framework.html}
}

@inproceedings{atom94pldi,
  author = {Amitabh Srivastava and Alan Eustace},
  title = {ATOM: a system for building customized program analysis tools},
  booktitle = {{Conf. on Prog. Lang. Design and Impl.}},
  year = {1994},
  isbn = {0-89791-662-X},
  pages = {196--205},
  location = {Orlando, Florida, United States},
}

@inproceedings{ball96efficient,
  author={Thomas Ball and James R. Larus},
  title={Efficient Path Profiling},
  booktitle={{Int'l. Symp. on Microarchitecture}},
  pages={46-57},
  year={1996},
  url={citeseer.ist.psu.edu/ball96efficient.html}
}

@misc{java:asserts,
  title={{Java: Programming With Assertions}},
  key={javaassert},
  howpublished={{http://java.sun.com/j2se/1.4.2/docs/guide/lang/assert.html}}
}

@misc{jdi:web,
  key={jdi},
  howpublished={{http://java.sun.com/j2se/1.5.0/docs/guide/jpda/jdi/}}
}

@misc{Jfluid,
  title={The NetBeans Profiler Project},	
  key={Jfluid},
  howpublished={{http://profiler.netbeans.org/}}
}


@inproceedings{Kinneer:ICSE07demo,
 author = {Kinneer, Alex and Dwyer, Matthew B. and Rothermel, Gregg},
 title = {Sofya: Supporting Rapid Development of Dynamic Program Analyses for {Java}},
 booktitle = {Companion to the proceedings of the 29th International Conference on Software Engineering},
 series = {ICSE COMPANION '07},
 year = {2007},
 isbn = {0-7695-2892-9},
 pages = {51--52},
 numpages = {2},
 url = {http://dx.doi.org/10.1109/ICSECOMPANION.2007.68},
 doi = {http://dx.doi.org/10.1109/ICSECOMPANION.2007.68},
 acmid = {1248935},
 publisher = {IEEE Computer Society},
 address = {Washington, DC, USA},
}



@article{valgrind,
  title = {Valgrind: A Program Supervision Framework},
  author = {Nicholas Nethercote and Julian Seward},
  journal = {{Electronic Notes in Theoretical Computer Science}},
  volume = {89},
  number = {2},
  year = {2003}
}

@MastersThesis{Bodden:Thesis05,
  author = {Eric Bodden},
  title = {J-LO : A tool for runtime-checking temporal assertions},
  school = {{RWTH Aachen University, Germany}},
  month = {Nov},
  year = {2005}
}

@article{Holzmann:Computer06,
  title = {The power of 10: rules for developing safety-critical code},
  author = {G.J. Holzmann},
  journal = {{IEEE Computer}},
  volume = {39},
  number = {6},
  year = {2006}
}

@article{Rosenblum:TSE95,
  author = {David S. Rosenblum},
  title = {A Practical Approach to Programming With Assertions},
  journal = {{IEEE Trans. Softw. Eng.}},
  volume = {21},
  number = {1},
  year = {1995},
  pages = {19--31},
}

@inproceedings{Liu:PLDI04,
  author = {Yanhong A. Liu and Tom Rothamel and Fuxiang Yu and Scott D. Stoller and Nanjun Hu},
  title = {Parametric regular path queries},
  booktitle = {{Conf. on Prog. Lang. Design and Impl.}},
  year = {2004},
  pages = {219--230},
}

@inproceedings{agrawal99,
  author = {Hira Agrawal},
  title = {Efficient coverage testing using global dominator graphs},
  booktitle = {{Works. on Prog. Anal. for Softw. Tools and Eng.}},
  year = {1999},
  pages = {11--20}
}

@inproceedings{graham82,
 author = {Susan L. Graham and Peter B. Kessler and Marshall K. Mckusick},
 title = {Gprof: A call graph execution profiler},
 booktitle = {{Symp. on Compiler Construction}},
 year = {1982},
 pages = {120--126} }

@inproceedings{gamma,
 author = {Alessandro Orso and Donglin Liang and Mary Jean Harrold and Richard Lipton},
 title = {Gamma system: continuous evolution of software after deployment},
 booktitle = {{Int'l. Symp. Softw. Test. Anal.}},
 year = {2002},
 pages = {65--69} }


@inproceedings{sekar:mcc,
 author = {R. Sekar and V.N. Venkatakrishnan and Samik Basu and Sandeep Bhatkar and Daniel C. DuVarney},
 title = {Model-carrying code: a practical approach for safe execution of untrusted applications},
 booktitle = {16$^{th}$ Symp. on Op. Sys. Principles},
 year = {2003},
 pages = {15--28}
 }

 @inproceedings{Avgustinov:2007,
 author = {Avgustinov, Pavel and Tibble, Julian and de Moor, Oege},
 title = {Making trace monitors feasible},
 booktitle = {Proceedings of the 22nd annual ACM SIGPLAN conference on Object-oriented programming systems and applications},
 series = {OOPSLA '07},
 year = {2007},
 location = {Montreal, Quebec, Canada},
 pages = {589--608},
 numpages = {20},
 publisher = {ACM},
 address = {New York, NY, USA}
}

@article{Martin:2005:FAE,
 author = {Martin, Michael and Livshits, Benjamin and Lam, Monica S.},
 title = {Finding application errors and security flaws using {PQL: a Program Query Language}},
 journal = {SIGPLAN Not.},
 volume = {40},
 issue = {10},
 month = {October},
 year = {2005},
 issn = {0362-1340},
 pages = {365--383},
 numpages = {19},
 publisher = {ACM},
 address = {New York, NY, USA}
 }

 @inproceedings{Kiczales:2001,
 author = {Kiczales, Gregor and Hilsdale, Erik and Hugunin, Jim and Kersten, Mik and Palm, Jeffrey and Griswold, William G.},
 title = {An Overview of {AspectJ}},
 booktitle = {Proceedings of the 15th European Conference on Object-Oriented Programming},
 year = {2001},
 isbn = {3-540-42206-4},
 pages = {327--353},
 numpages = {27},
 publisher = {Springer-Verlag},
 address = {London, UK},
}

@INPROCEEDINGS{Deline04,
    author = {Robert Deline and Manuel F{\"a}hndrich},
    title = {Typestates for Objects},
    booktitle = {ECOOP'04: Proceedings of 18th European Conference on Object-Oriented Programming},
    year = {2004},
    pages = {465--490},
    publisher = {Springer}
}

@inproceedings{Avgustinov05,
 author = {Avgustinov, Pavel and Christensen, Aske Simon and Hendren, Laurie and Kuzins, Sascha and Lhot\'{a}k, Jennifer and Lhot\'{a}k, Ond\v{r}ej and de Moor, Oege and Sereni, Damien and Sittampalam, Ganesh and Tibble, Julian},
 title = {abc: an extensible {AspectJ} compiler},
 booktitle = {Proceedings of the 4th international conference on Aspect-oriented software development},
 series = {AOSD '05},
 year = {2005},
 isbn = {1-59593-042-6},
 location = {Chicago, Illinois},
 pages = {87--98},
 numpages = {12},
 url = {http://doi.acm.org/10.1145/1052898.1052906},
 doi = {http://doi.acm.org/10.1145/1052898.1052906},
 acmid = {1052906},
 publisher = {ACM},
 address = {New York, NY, USA},
}


@inproceedings{Bodden:RV10,
 author = {Bodden, Eric and Lam, Patrick and Hendren, Laurie},
 title = {Clara: a framework for partially evaluating finite-state runtime monitors ahead of time},
 booktitle = {Proceedings of the First international conference on Runtime verification},
 series = {RV'10},
 year = {2010},
 isbn = {3-642-16611-3, 978-3-642-16611-2},
 location = {St. Julians, Malta},
 pages = {183--197},
 numpages = {15},
 url = {http://portal.acm.org/citation.cfm?id=1939399.1939417},
 acmid = {1939417},
 publisher = {Springer-Verlag},
 address = {Berlin, Heidelberg},
}



@inproceedings{Avgustinov:RV06,
  author    = {Pavel Avgustinov and
               Eric Bodden and
               Elnar Hajiyev and
               Laurie J. Hendren and
               Ondrej Lhot{\'a}k and
               Oege de Moor and
               Neil Ongkingco and
               Damien Sereni and
               Ganesh Sittampalam and
               Julian Tibble and
               Mathieu Verbaere},
  title     = {Aspects for Trace Monitoring},
  booktitle = {FATES/RV},
  year      = {2006},
  pages     = {20-39}
}

@inproceedings{Goldsmith:2005,
 author = {Goldsmith, Simon F. and O'Callahan, Robert and Aiken, Alex},
 title = {Relational queries over program traces},
 booktitle = {Proceedings of the 20th annual ACM SIGPLAN conference on Object-oriented programming, systems, languages, and applications},
 series = {OOPSLA '05},
 year = {2005},
 location = {San Diego, CA, USA},
 pages = {385--402},
 numpages = {18},
 publisher = {ACM},
 address = {New York, NY, USA},
 keywords = {PTQL, partiqle, program trace query language, relational},
}


@INPROCEEDINGS{Brat:2005,
    author = {Guillaume Brat and Arnaud Venet},
    title = {Precise and scalable static program analysis of {NASA} flight software},
    booktitle = {Proceedings of the 2005 IEEE Aerospace Conference},
    year = {2005}
}

@INPROCEEDINGS{Brat:2003,
    author = {Guillaume Brat and Roger Klemm},
    title = {Static Analysis of the Mars Exploration Rover flight software},
    booktitle = {Proceedings of the 1st International Space Mission Challenge for Information Technology},
    pages = {321--326},
    year = {2003}
}

@article{Dillig:2010,
 author = {Dillig, Isil and Dillig, Thomas and Aiken, Alex},
 title = {Reasoning about the unknown in static analysis},
 journal = {Commun. ACM},
 issue_date = {August 2010},
 volume = {53},
 issue = {8},
 month = {August},
 year = {2010},
 issn = {0001-0782},
 pages = {115--123},
 numpages = {9},
 url = {http://doi.acm.org/10.1145/1787234.1787259},
 doi = {http://doi.acm.org/10.1145/1787234.1787259},
 acmid = {1787259},
 publisher = {ACM},
 address = {New York, NY, USA},
}

@INPROCEEDINGS{Ernst06,
    author = {Michael D. Ernst and Jeff H. Perkins and Philip J. Guo and Stephen Mccamant and Carlos Pacheco and Matthew S. Tschantz and Chen Xiao},
    title = {The Daikon system for dynamic detection of likely invariants},
    booktitle = {Science of Computer Programming},
    pages = {35--45},
    year = {2006}
}

@inproceedings{Hangal:2002,
 author = {Hangal, Sudheendra and Lam, Monica S.},
 title = {Tracking down software bugs using automatic anomaly detection},
 booktitle = {Proceedings of the 24th International Conference on Software Engineering},
 series = {ICSE '02},
 year = {2002},
 isbn = {1-58113-472-X},
 location = {Orlando, Florida},
 pages = {291--301},
 numpages = {11},
 url = {http://doi.acm.org/10.1145/581339.581377},
 doi = {http://doi.acm.org/10.1145/581339.581377},
 acmid = {581377},
 publisher = {ACM},
 address = {New York, NY, USA},
}

@inproceedings{Gabel:2008FSE,
 author = {Gabel, Mark and Su, Zhendong},
 title = {Javert: fully automatic mining of general temporal properties from dynamic traces},
 booktitle = {Proceedings of the 16th ACM SIGSOFT International Symposium on Foundations of software engineering},
 series = {SIGSOFT '08/FSE-16},
 year = {2008},
 isbn = {978-1-59593-995-1},
 location = {Atlanta, Georgia},
 pages = {339--349},
 numpages = {11},
 url = {http://doi.acm.org/10.1145/1453101.1453150},
 doi = {http://doi.acm.org/10.1145/1453101.1453150},
 acmid = {1453150},
 publisher = {ACM},
 address = {New York, NY, USA},
 keywords = {dynamic analysis, formal specifications, specification mining},
}


@inproceedings{Gabel:2008ICSE,
 author = {Gabel, Mark and Su, Zhendong},
 title = {Symbolic mining of temporal specifications},
 booktitle = {Proceedings of the 30th international conference on Software engineering},
 series = {ICSE '08},
 year = {2008},
 isbn = {978-1-60558-079-1},
 location = {Leipzig, Germany},
 pages = {51--60},
 numpages = {10},
 url = {http://doi.acm.org/10.1145/1368088.1368096},
 doi = {http://doi.acm.org/10.1145/1368088.1368096},
 acmid = {1368096},
 publisher = {ACM},
 address = {New York, NY, USA},
 keywords = {dynamic analysis, formal specifications, specification mining},
}

@inproceedings{Yang:2006,
 author = {Yang, Jinlin and Evans, David and Bhardwaj, Deepali and Bhat, Thirumalesh and Das, Manuvir},
 title = {Perracotta: mining temporal {API} rules from imperfect traces},
 booktitle = {Proceedings of the 28th international conference on Software engineering},
 series = {ICSE '06},
 year = {2006},
 isbn = {1-59593-375-1},
 location = {Shanghai, China},
 pages = {282--291},
 numpages = {10},
 url = {http://doi.acm.org/10.1145/1134285.1134325},
 doi = {http://doi.acm.org/10.1145/1134285.1134325},
 acmid = {1134325},
 publisher = {ACM},
 address = {New York, NY, USA},
 keywords = {dynamic analysis, specification inference, temporal properties},
}

@inproceedings{Ammons:2002,
 author = {Ammons, Glenn and Bod\'{\i}k, Rastislav and Larus, James R.},
 title = {Mining specifications},
 booktitle = {Proceedings of the 29th ACM SIGPLAN-SIGACT symposium on Principles of programming languages},
 series = {POPL '02},
 year = {2002},
 isbn = {1-58113-450-9},
 location = {Portland, Oregon},
 pages = {4--16},
 numpages = {13},
 url = {http://doi.acm.org/10.1145/503272.503275},
 doi = {http://doi.acm.org/10.1145/503272.503275},
 acmid = {503275},
 publisher = {ACM},
 address = {New York, NY, USA},
}

@inproceedings{Ammons:2003,
 author = {Ammons, Glenn and Mandelin, David and Bod\'{\i}k, Rastislav and Larus, James R.},
 title = {Debugging temporal specifications with concept analysis},
 booktitle = {Proceedings of the ACM SIGPLAN 2003 conference on Programming language design and implementation},
 series = {PLDI '03},
 year = {2003},
 isbn = {1-58113-662-5},
 location = {San Diego, California, USA},
 pages = {182--195},
 numpages = {14},
 url = {http://doi.acm.org/10.1145/781131.781152},
 doi = {http://doi.acm.org/10.1145/781131.781152},
 acmid = {781152},
 publisher = {ACM},
 address = {New York, NY, USA},
 keywords = {concept analysis, hierarchical clustering, specification debuggers, temporal specifications},
}

@techreport{lee-chen-rosu-2010-tr,
author={Choonghwan Lee and Feng Chen and Grigore Ro\c{s}u},
title={Mining Parametric Specifications},
institution={University of Illinois},
number={http://hdl.handle.net/2142/16947},
year={2010},
month={August},
url={http://hdl.handle.net/2142/16947},
}

@inproceedings{Acharya:2007,
 author = {Acharya, Mithun and Xie, Tao and Pei, Jian and Xu, Jun},
 title = {Mining {API} patterns as partial orders from source code: from usage scenarios to specifications},
 booktitle = {Proceedings of the the 6th joint meeting of the European software engineering conference and the ACM SIGSOFT symposium on The foundations of software engineering},
 series = {ESEC-FSE '07},
 year = {2007},
 isbn = {978-1-59593-811-4},
 location = {Dubrovnik, Croatia},
 pages = {25--34},
 numpages = {10},
 url = {http://doi.acm.org/10.1145/1287624.1287630},
 doi = {http://doi.acm.org/10.1145/1287624.1287630},
 acmid = {1287630},
 publisher = {ACM},
 address = {New York, NY, USA},
 keywords = {API patterns, mining, partial orders, specification, usage scenarios},
}

@inproceedings{Blelloch:SPAA91,
 author = {Blelloch, Guy E. and Leiserson, Charles E. and Maggs, Bruce M. and Plaxton, C. Greg and Smith, Stephen J. and Zagha, Marco},
 title = {A comparison of sorting algorithms for the connection machine {CM-2}},
 booktitle = {Proceedings of the third annual ACM symposium on Parallel algorithms and architectures},
 series = {SPAA '91},
 year = {1991},
 isbn = {0-89791-438-4},
 location = {Hilton Head, South Carolina, United States},
 pages = {3--16},
 numpages = {14},
 url = {http://doi.acm.org/10.1145/113379.113380},
 doi = {http://doi.acm.org/10.1145/113379.113380},
 acmid = {113380},
 publisher = {ACM},
 address = {New York, NY, USA},
}



@inproceedings{Inoue:CGO11,
 author = {Hiroshi Inoue and Hiroshige Hayashizaki and Peng Wu and Toshio Nakatani},
 title = {A trace-based {Java JIT} Compiler Retrofitted from a Method-based Compiler},
 booktitle = {Proc. International Symp. Code Generation and Optimization},
 year = {2011},
 note = {to appear}
 }

 @inproceedings{Lo:2009,
 author = {Lo, David and Mariani, Leonardo and Pezz\`{e}, Mauro},
 title = {Automatic steering of behavioral model inference},
 booktitle = {Proceedings of the the 7th joint meeting of the European software engineering conference and the ACM SIGSOFT symposium on The foundations of software engineering},
 series = {ESEC/FSE '09},
 year = {2009},
 isbn = {978-1-60558-001-2},
 location = {Amsterdam, The Netherlands},
 pages = {345--354},
 numpages = {10},
 url = {http://doi.acm.org/10.1145/1595696.1595761},
 doi = {http://doi.acm.org/10.1145/1595696.1595761},
 acmid = {1595761},
 publisher = {ACM},
 address = {New York, NY, USA},
 keywords = {dynamic analysis, mining automata, temporal properties},
}

@inproceedings{Lorenzoli:2008,
 author = {Lorenzoli, Davide and Mariani, Leonardo and Pezz\`{e}, Mauro},
 title = {Automatic generation of software behavioral models},
 booktitle = {Proceedings of the 30th international conference on Software engineering},
 series = {ICSE '08},
 year = {2008},
 isbn = {978-1-60558-079-1},
 location = {Leipzig, Germany},
 pages = {501--510},
 numpages = {10},
 url = {http://doi.acm.org/10.1145/1368088.1368157},
 doi = {http://doi.acm.org/10.1145/1368088.1368157},
 acmid = {1368157},
 publisher = {ACM},
 address = {New York, NY, USA},
 keywords = {dynamic analysis, gk-tail, model synthesis},
}

@article{Biermann:1972,
 author = {Biermann, A. W. and Feldman, J. A.},
 title = {On the Synthesis of Finite-State Machines from Samples of Their Behavior},
 journal = {IEEE Trans. Comput.},
 volume = {21},
 issue = {6},
 month = {June},
 year = {1972},
 issn = {0018-9340},
 pages = {592--597},
 numpages = {6},
 url = {http://portal.acm.org/citation.cfm?id=1638603.1638997},
 doi = {10.1109/TC.1972.5009015},
 acmid = {1638997},
 publisher = {IEEE Computer Society},
 address = {Washington, DC, USA},
}

@inproceedings{Dillig:ESOP10,
  author    = {Isil Dillig and
               Thomas Dillig and
               Alex Aiken},
  title     = {Fluid Updates: Beyond Strong vs. Weak Updates},
  booktitle = {Proceedings of the 19th European Symposium on Programming},
  series = {ESOP '10},
  year      = {2010},
  pages     = {246-266},
  ee        = {http://dx.doi.org/10.1007/978-3-642-11957-6_14},
  bibsource = {DBLP, http://dblp.uni-trier.de}
}

@book{Nielson:1999,
 author = {Nielson, Flemming and Nielson, Hanne R. and Hankin, Chris},
 title = {Principles of Program Analysis},
 year = {1999},
 isbn = {3540654100},
 publisher = {Springer-Verlag New York, Inc.},
 address = {Secaucus, NJ, USA},
}

@inproceedings{Dwyer:2010,
 author = {Dwyer, Matthew B. and Purandare, Rahul and Person, Suzette},
 title = {Runtime verification in context: can optimizing error detection improve fault diagnosis?},
 booktitle = {Proceedings of the First international conference on Runtime verification},
 series = {RV'10},
 year = {2010},
 isbn = {3-642-16611-3, 978-3-642-16611-2},
 location = {St. Julians, Malta},
 pages = {36--50},
 numpages = {15},
 url = {http://portal.acm.org/citation.cfm?id=1939399.1939404},
 acmid = {1939404},
 publisher = {Springer-Verlag},
 address = {Berlin, Heidelberg},
}

@inproceedings{Flanagan:PLDI09,
 author = {Flanagan, Cormac and Freund, Stephen N.},
 title = {FastTrack: efficient and precise dynamic race detection},
 booktitle = {Proceedings of the 2009 ACM SIGPLAN conference on Programming language design and implementation},
 series = {PLDI '09},
 year = {2009},
 isbn = {978-1-60558-392-1},
 location = {Dublin, Ireland},
 pages = {121--133},
 numpages = {13},
 url = {http://doi.acm.org/10.1145/1542476.1542490},
 doi = {http://doi.acm.org/10.1145/1542476.1542490},
 acmid = {1542490},
 publisher = {ACM},
 address = {New York, NY, USA},
 keywords = {concurrency, dynamic analysis, race conditions},
}

@inproceedings{Flanagan:2010,
 author = {Flanagan, Cormac and Freund, Stephen N.},
 title = {The RoadRunner Dynamic Analysis Framework for Concurrent Programs},
 booktitle = {Proceedings of the 9th ACM SIGPLAN-SIGSOFT workshop on Program analysis for software tools and engineering},
 series = {PASTE '10},
 year = {2010},
 isbn = {978-1-4503-0082-7},
 location = {Toronto, Ontario, Canada},
 pages = {1--8},
 numpages = {8},
 url = {http://doi.acm.org/10.1145/1806672.1806674},
 doi = {http://doi.acm.org/10.1145/1806672.1806674},
 acmid = {1806674},
 publisher = {ACM},
 address = {New York, NY, USA},
 keywords = {concurrency, dynamic analysis},
}

@inproceedings{Chen:2009,
 author = {Chen, Feng and Meredith, Patrick O'Neil and Jin, Dongyun and Rosu, Grigore},
 title = {Efficient Formalism-Independent Monitoring of Parametric Properties},
 booktitle = {Proceedings of the 2009 IEEE/ACM International Conference on Automated Software Engineering},
 series = {ASE '09},
 year = {2009},
 isbn = {978-0-7695-3891-4},
 pages = {383--394},
 numpages = {12},
 url = {http://dx.doi.org/10.1109/ASE.2009.50},
 doi = {http://dx.doi.org/10.1109/ASE.2009.50},
 acmid = {1747535},
 publisher = {IEEE Computer Society},
 address = {Washington, DC, USA},
 keywords = {Software Engineering, Monitoring, Runtime Verification},
}

@inproceedings{ZhuDG09,
  author    = {Haitao Zhu and
               Matthew B. Dwyer and
               Steve Goddard},
  title     = {Predictable Runtime Monitoring},
  booktitle = {21st Euromicro Conference on Real-Time Systems, {ECRTS} 2009, Dublin,
               Ireland, July 1-3, 2009},
  pages     = {173--183},
  year      = {2009},
}

@inproceedings{ZhuGD10,
  author    = {Haitao Zhu and
               Steve Goddard and
               Matthew B. Dwyer},
  title     = {Selecting Server Parameters for Predictable Runtime Monitoring},
  booktitle = {16th {IEEE} Real-Time and Embedded Technology and Applications Symposium,
               {RTAS} 2010, Stockholm, Sweden, April 12-15, 2010},
  pages     = {227--236},
  year      = {2010},
}

@inproceedings{WuKBF13,
  author    = {Chun Wah Wallace Wu and
               Deepak Kumar and
               Borzoo Bonakdarpour and
               Sebastian Fischmeister},
  title     = {Reducing Monitoring Overhead by Integrating Event- and Time-Triggered
               Techniques},
  booktitle = {Runtime Verification - 4th International Conference, {RV} 2013, Rennes,
               France, September 24-27, 2013. Proceedings},
  pages     = {304--321},
  year      = {2013},
}

@inproceedings{NavabpourBF12,
  author    = {Samaneh Navabpour and
               Borzoo Bonakdarpour and
               Sebastian Fischmeister},
  title     = {Path-Aware Time-Triggered Runtime Verification},
  booktitle = {Runtime Verification, Third International Conference, {RV} 2012, Istanbul,
               Turkey, September 25-28, 2012, Revised Selected Papers},
  pages     = {199--213},
  year      = {2012},
}


@inproceedings{ArafaKF13,
  author    = {Pansy Arafa and
               Hany Kashif and
               Sebastian Fischmeister},
  title     = {{DIME:} Time-aware dynamic binary instrumentation using rate-based
               resource allocation},
  booktitle = {Proceedings of the International Conference on Embedded Software,
               {EMSOFT} 2013, Montreal, QC, Canada, September 29 - Oct. 4, 2013},
  pages     = {1--10},
  year      = {2013},
}
